@article{
Perera2019,
    Author = {S. H. Perera, N. Jihan, M. Jayasinghe and Srinath},
    Title = {Sales forecasting using multivariate long short term memory network models},
    Journal = {PeerJ PrePrints},
    Volume = {7},
    Pages = {e27712},
    Year = {2019} }